%YAML 1.1
%TAG !u! tag:unity3d.com,2011:
--- !u!1001 &100100000
Prefab:
  m_ObjectHideFlags: 1
  serializedVersion: 2
  m_Modification:
    m_TransformParent: {fileID: 0}
    m_Modifications: []
    m_RemovedComponents: []
  m_SourcePrefab: {fileID: 0}
  m_RootGameObject: {fileID: 1405885508108290}
  m_IsPrefabAsset: 1
--- !u!1 &1405885508108290
GameObject:
  m_ObjectHideFlags: 0
  m_CorrespondingSourceObject: {fileID: 0}
  m_PrefabInternal: {fileID: 100100000}
  serializedVersion: 6
  m_Component:
  - component: {fileID: 4101276655398018}
  - component: {fileID: 114940540086382050}
  m_Layer: 0
  m_Name: GameManager
  m_TagString: Untagged
  m_Icon: {fileID: 0}
  m_NavMeshLayer: 0
  m_StaticEditorFlags: 0
  m_IsActive: 1
--- !u!1 &1555235710628962
GameObject:
  m_ObjectHideFlags: 0
  m_CorrespondingSourceObject: {fileID: 0}
  m_PrefabInternal: {fileID: 100100000}
  serializedVersion: 6
  m_Component:
  - component: {fileID: 4832371912345648}
  - component: {fileID: 20376770202086930}
  - component: {fileID: 81167397434520614}
  - component: {fileID: 114340762247811372}
  m_Layer: 0
  m_Name: P2 Camera
  m_TagString: MainCamera
  m_Icon: {fileID: 0}
  m_NavMeshLayer: 0
  m_StaticEditorFlags: 0
  m_IsActive: 1
--- !u!1 &1799999320893488
GameObject:
  m_ObjectHideFlags: 0
  m_CorrespondingSourceObject: {fileID: 0}
  m_PrefabInternal: {fileID: 100100000}
  serializedVersion: 6
  m_Component:
  - component: {fileID: 4117454899065212}
  - component: {fileID: 20769966203991340}
  - component: {fileID: 81190174457749612}
  - component: {fileID: 114044734365580326}
  m_Layer: 0
  m_Name: P1 Camera
  m_TagString: MainCamera
  m_Icon: {fileID: 0}
  m_NavMeshLayer: 0
  m_StaticEditorFlags: 0
  m_IsActive: 1
--- !u!4 &4101276655398018
Transform:
  m_ObjectHideFlags: 1
  m_CorrespondingSourceObject: {fileID: 0}
  m_PrefabInternal: {fileID: 100100000}
  m_GameObject: {fileID: 1405885508108290}
  m_LocalRotation: {x: -0, y: -0, z: -0, w: 1}
  m_LocalPosition: {x: 15.36, y: 1.013, z: -2.6}
  m_LocalScale: {x: 1, y: 1, z: 1}
  m_Children:
  - {fileID: 4117454899065212}
  - {fileID: 4832371912345648}
  m_Father: {fileID: 0}
  m_RootOrder: 0
  m_LocalEulerAnglesHint: {x: 0, y: 0, z: 0}
--- !u!4 &4117454899065212
Transform:
  m_ObjectHideFlags: 1
  m_CorrespondingSourceObject: {fileID: 0}
  m_PrefabInternal: {fileID: 100100000}
  m_GameObject: {fileID: 1799999320893488}
  m_LocalRotation: {x: 0.3837926, y: -0, z: -0, w: 0.9234193}
  m_LocalPosition: {x: -22.23, y: 55.487, z: -4}
  m_LocalScale: {x: 1, y: 1, z: 1}
  m_Children: []
  m_Father: {fileID: 4101276655398018}
  m_RootOrder: 0
  m_LocalEulerAnglesHint: {x: 45.138, y: 0, z: 0}
--- !u!4 &4832371912345648
Transform:
  m_ObjectHideFlags: 1
  m_CorrespondingSourceObject: {fileID: 0}
  m_PrefabInternal: {fileID: 100100000}
  m_GameObject: {fileID: 1555235710628962}
  m_LocalRotation: {x: 0.3837926, y: -0, z: -0, w: 0.9234193}
  m_LocalPosition: {x: -22.23, y: 55.487, z: -4}
  m_LocalScale: {x: 1, y: 0.9999998, z: 0.9999998}
  m_Children: []
  m_Father: {fileID: 4101276655398018}
  m_RootOrder: 1
  m_LocalEulerAnglesHint: {x: 45.138, y: 0, z: 0}
--- !u!20 &20376770202086930
Camera:
  m_ObjectHideFlags: 1
  m_CorrespondingSourceObject: {fileID: 0}
  m_PrefabInternal: {fileID: 100100000}
  m_GameObject: {fileID: 1555235710628962}
  m_Enabled: 1
  serializedVersion: 2
  m_ClearFlags: 1
  m_BackGroundColor: {r: 0.19215687, g: 0.3019608, b: 0.4745098, a: 0}
  m_projectionMatrixMode: 1
  m_SensorSize: {x: 36, y: 24}
  m_LensShift: {x: 0, y: 0}
  m_FocalLength: 50
  m_NormalizedViewPortRect:
    serializedVersion: 2
    x: 0.5
    y: 0
    width: 0.5
    height: 1
  near clip plane: 0.3
  far clip plane: 1000
  field of view: 99
  orthographic: 0
  orthographic size: 5
  m_Depth: -1
  m_CullingMask:
    serializedVersion: 2
    m_Bits: 4294967295
  m_RenderingPath: -1
  m_TargetTexture: {fileID: 0}
  m_TargetDisplay: 0
  m_TargetEye: 3
  m_HDR: 1
  m_AllowMSAA: 1
  m_AllowDynamicResolution: 0
  m_ForceIntoRT: 0
  m_OcclusionCulling: 1
  m_StereoConvergence: 10
  m_StereoSeparation: 0.022
--- !u!20 &20769966203991340
Camera:
  m_ObjectHideFlags: 1
  m_CorrespondingSourceObject: {fileID: 0}
  m_PrefabInternal: {fileID: 100100000}
  m_GameObject: {fileID: 1799999320893488}
  m_Enabled: 1
  serializedVersion: 2
  m_ClearFlags: 1
  m_BackGroundColor: {r: 0.19215687, g: 0.3019608, b: 0.4745098, a: 0}
  m_projectionMatrixMode: 1
  m_SensorSize: {x: 36, y: 24}
  m_LensShift: {x: 0, y: 0}
  m_FocalLength: 50
  m_NormalizedViewPortRect:
    serializedVersion: 2
    x: 0
    y: 0
    width: 1
    height: 1
  near clip plane: 0.3
  far clip plane: 1000
  field of view: 99
  orthographic: 0
  orthographic size: 5
  m_Depth: -1
  m_CullingMask:
    serializedVersion: 2
    m_Bits: 4294967295
  m_RenderingPath: -1
  m_TargetTexture: {fileID: 0}
  m_TargetDisplay: 0
  m_TargetEye: 3
  m_HDR: 1
  m_AllowMSAA: 1
  m_AllowDynamicResolution: 0
  m_ForceIntoRT: 0
  m_OcclusionCulling: 1
  m_StereoConvergence: 10
  m_StereoSeparation: 0.022
--- !u!81 &81167397434520614
AudioListener:
  m_ObjectHideFlags: 1
  m_CorrespondingSourceObject: {fileID: 0}
  m_PrefabInternal: {fileID: 100100000}
  m_GameObject: {fileID: 1555235710628962}
  m_Enabled: 1
--- !u!81 &81190174457749612
AudioListener:
  m_ObjectHideFlags: 1
  m_CorrespondingSourceObject: {fileID: 0}
  m_PrefabInternal: {fileID: 100100000}
  m_GameObject: {fileID: 1799999320893488}
  m_Enabled: 1
--- !u!114 &114044734365580326
MonoBehaviour:
  m_ObjectHideFlags: 1
  m_CorrespondingSourceObject: {fileID: 0}
  m_PrefabInternal: {fileID: 100100000}
  m_GameObject: {fileID: 1799999320893488}
  m_Enabled: 1
  m_EditorHideFlags: 0
  m_Script: {fileID: 11500000, guid: c47063b50a19ad843a51cc41cf49eba9, type: 3}
  m_Name: 
  m_EditorClassIdentifier: 
  player: {fileID: 0}
  offset: {x: 0, y: 1.59, z: -2.71}
  turnSpeed: 2
  playerPrefab: {fileID: 0}
--- !u!114 &114340762247811372
MonoBehaviour:
  m_ObjectHideFlags: 1
  m_CorrespondingSourceObject: {fileID: 0}
  m_PrefabInternal: {fileID: 100100000}
  m_GameObject: {fileID: 1555235710628962}
  m_Enabled: 1
  m_EditorHideFlags: 0
  m_Script: {fileID: 11500000, guid: 5bbc63d9df0a88647a5e7f0f0f6f90cb, type: 3}
  m_Name: 
  m_EditorClassIdentifier: 
  player: {fileID: 0}
  offset: {x: 0, y: 1.59, z: -2.71}
  turnSpeed: 0
  playerPrefab: {fileID: 0}
--- !u!114 &114940540086382050
MonoBehaviour:
  m_ObjectHideFlags: 1
  m_CorrespondingSourceObject: {fileID: 0}
  m_PrefabInternal: {fileID: 100100000}
  m_GameObject: {fileID: 1405885508108290}
  m_Enabled: 1
  m_EditorHideFlags: 0
  m_Script: {fileID: 11500000, guid: c523adfc21e80f748b757fe602e7f2ec, type: 3}
  m_Name: 
  m_EditorClassIdentifier: 
  player: {fileID: 0}
  player2: {fileID: 0}
  playerData: {fileID: 0}
  numPlayers: 1
  playerPrefab: {fileID: 1277008551932838, guid: 629c9ad49f3299e4dacde0ebf5a26317,
    type: 2}
  playerPrefab2: {fileID: 1869865594939864, guid: 0d9ae625095383c4193c7b6da78716cb,
    type: 2}
  numAITanks: 10
  enemyPrefabs:
  - {fileID: 1607503592609540, guid: 4050a77e2cc50bd4882b27fed6595c45, type: 2}
  - {fileID: 1684584350687842, guid: 1d0acbe0fe9131446ba89dc3290c9581, type: 2}
  - {fileID: 1233921440385774, guid: 8449bf6baeadbeb4aa49da2a68004714, type: 2}
  - {fileID: 1184896855248028, guid: aff138a4ec161704baca069ea3ee3dbd, type: 2}
  P1Camera: {fileID: 20769966203991340}
  P2Camera: {fileID: 20376770202086930}
  p1Lives: {fileID: 0}
  p2Lives: {fileID: 0}
  sfxVolume: 40
  musicVolume: 0
  player1Lives: 3
  player2Lives: 3
  singleplayer: 1
  multiplayer: 0
